@Article{TimeToPost,
    title={The Best Time To Post on Social Media - Based on Statistics [online]},
    url={https://correctdigital.com/best-time-to-post-on-social-media/},
    journal={Correct Digital},
    author={Rei Bayucca},
    year={2023},
    note="{[cit. 2024-11-26]}"
}

@Article{AttentionSpan1,
    title={Why our attention spans are shrinking [online]},
    url={https://www.apa.org/news/podcasts/speaking-of-psychology/attention-spans},
    journal={Speaking of Psychology},
    author={Gloria Mark, PhD, American Psychological Association},
    year={2023},
    note="{[cit. 2024-11-26]}"
}

@Article{AttentionSpan2,
    title={Attention span on social media is 2 seconds. Turns out, that’s plenty of time [online]},
    url={https://www.careerarc.com/blog/attention-span-on-social-media/},
    journal={Careerarc},
    author={Tallulah David },
    year={2021},
    note="{[cit. 2024-11-26]}"
}

@Article{SocialMediaAds-44,
    title={74% of people are tired of social media ads—but they’re effective [online]},
    url={https://www.surveymonkey.com/curiosity/74-of-people-are-tired-of-social-media-ads-but-theyre-effective/},
    journal={Survey Monkey},
    author={Jon Gitlin},
    year={2018},
    note="{[cit. 2024-11-26]}"
}

@Article{SocialMediaAds,
    title={Five Simple Ways to Combat Ad Fatigue [online]},
    url={https://rtbhouse.com/blog/five-simple-ways-to-combat-ad-fatigue},
    journal={RTB House},
    author={RTB House},
    year={2023},
    note="{[cit. 2024-11-26]}"
}